@BOOK {java,
    author = "Joshua Bloch",
    title  = "Effective Java",
    year   = "2001"
}